@book{doxiadis1965,
	Author 			    = {Dennis Ritchie, Brian Kernighan},
	Date-Added 		  = {1978-04-01 00:34:20 +0000},
	Date-Modified 	= {1988-04-01 00:34:20 +0000},
	Publisher 		  = {Prentice Hall; 2nd ed. edição},
	Title 			    = {The C Programming Language. 2nd Edition},
	Year 			      = {1978}
    }

@misc{KernelLinux,
  author        = {Linus Torvalds},
  title         = {Kernel Linux},
  Url           = {https://github.com/torvalds/linux},
  Urlaccessdate = {19 September 2021}
}


@misc{WG14,
    author 		    = {WG14},
    title 		    = {JTC1/SC22/WG14 - C},
    Url  		      = {http://csapp.cs.cmu.edu/3e/docs/chistory.html},
    Urlaccessdate = {16 September 2021}
    }

@misc{DevelopmentOfTheCLanguage,
    author 		    = {Dennis M. Ritchie},
    title 		    = {The Development of the C Language*},
    Url  		      = {http://csapp.cs.cmu.edu/3e/docs/chistory.html},
    Urlaccessdate = {19 September 2021}
    }

@misc{languageC,
    author 		    = {Desconhecido},
    title 		    = {C language},
    Url  		      = {https://en.cppreference.com/w/c/language},
    Urlaccessdate = {19 September 2021}
    }


@manual{ISO/IEC9899:TC3,
  title           = {ISO/IEC 9899:TC3},
  author       	  = {Desconhecido},
  Urlaccessdate   = {18 September 2021},
  Organization 	  = {Committee Draft},
  }


@misc{Doom,
    author 		    = {John Carmack},
    title 		    = {Doom Engine},
    Url  		      = {https://github.com/id-Software/DOOM},
    Urlaccessdate = {19 September 2021}
    }
    
@misc{Android,
    author 		    = {Google},
    title 		    = {Android},
    Url  		      = {https://source.android.com/},
    Urlaccessdate = {19 September 2021}
    }
    

@misc{macOS,
  author        = {Desconhecido},
  title         = {macOS},
  Url           = {https://en.wikipedia.org/wiki/MacOS_version_history},
  Urlaccessdate = {19 September 2021}
}

@misc{wikipediaC,
  author       = {Desconhecido},
  title        = {C (programming language)},
  Urlaccessdate = {19 September 2021},
  url          = {https://en.wikipedia.org/wiki/C_(programming_language)},
}

@misc{Imperative_programming,
  author       = {Desconhecido},
  title        = {Imperative programming)},
  Urlaccessdate = {19 September 2021},
  url          = {https://en.wikipedia.org/wiki/Imperative_programming)},
}


@misc{paradigmaimperativo,
  author       = {Desconhecido},
  title        = {Paradigma imperativo)},
  Urlaccessdate = {19 September 2021},
  url          = {https://www.inf.pucrs.br/~gustavo/disciplinas/pli/material/paradigmas-aula09.pdf)},
}

@misc{Imperativeprogramming,
  author       = {Desconhecido},
  title        = {Imperative programming: Overview of the oldest programming paradigm)},
  Urlaccessdate = {19 September 2021},
  url          = {https://www.ionos.com/digitalguide/websites/web-development/imperative-programming/)},
}


@misc{Unix  ,
  author       = {Desconhecido},
  title        = {Unix)},
  Urlaccessdate = {19 September 2021},
  url          = {https://en.wikipedia.org/wiki/Unix)},
}


@misc{Id_Tech  ,
  author       = {Desconhecido},
  title        = {Id Tech)},
  Urlaccessdate = {19 September 2021},
  url          = {https://en.wikipedia.org/wiki/Id_Tech)},
}


@misc{RETROCOMPATIBILIDADE  ,
  author       = {André Campos},
  title        = {RETROCOMPATIBILIDADE: Doom)},
  Urlaccessdate = {19 September 2021},
  url          = {https://www.youtube.com/watch?v=BV8jmxwSS_E)},
}

@misc{Blender ,
  author       = {Desconhecido},
  title        = {Blender)},
  Urlaccessdate = {19 September 2021},
  url          = {https://www.blender.org/)},
}

@misc{arduino ,
  author       = {Desconhecido},
  title        = {Blender)},
  Urlaccessdate = {19 September 2021},
  url          = {https://www.arduino.cc/en/Guide/Introduction)},
}







